@BOOK(lamport94,
	AUTHOR = "Lamport, L.",
	TITLE = "{LATEX}: A Document Preparation System",
	PUBLISHER = "Addison-Wesley",
	YEAR = 1994
),

@BOOK(pressman00,
	AUTHOR = "Pressman, R. S. and Ince, D.",
	TITLE = "Software Engineering: A Practitioner's Approach",
	PUBLISHER = "McGraw-Hill",
	ADDRESS = "Englanti",
	YEAR = 2000
),

@BOOK(sommerville01,
	AUTHOR = "Sommerville, I.",
	TITLE = "Software Engineering",
	PUBLISHER = "Addison-Wesley",
	YEAR = 2001
)

@BOOK(sommerville04,
	AUTHOR = "Sommerville, I.",
	TITLE = "Software Engineering, 7th Edition",
	PUBLISHER = "Pearson Education Inc.",
	YEAR = 2004
)
